<record><leader>00000cas a22000007a 4500</leader><controlfield tag="001">13993188</controlfield><controlfield tag="008">860731d19311966inuwr ne      0    0eng d</controlfield><datafield ind1=" " ind2=" " tag="010"><subfield code="a">sn 86058690 </subfield></datafield><datafield ind1=" " ind2=" " tag="040"><subfield code="a">NPI</subfield><subfield code="b">eng</subfield><subfield code="c">NPI</subfield><subfield code="d">OCLCQ</subfield></datafield><datafield ind1=" " ind2=" " tag="042"><subfield code="a">msc</subfield></datafield><datafield ind1="0" ind2=" " tag="130"><subfield code="a">Gaston news (Gaston, Ind. : 1931)</subfield></datafield><datafield ind1="1" ind2="4" tag="245"><subfield code="a">The Gaston news.</subfield></datafield><datafield ind1=" " ind2=" " tag="260"><subfield code="a">Gaston, Ind. :</subfield><subfield code="b">Mr. &amp; Mrs. Alden J. Smith</subfield></datafield><datafield ind1=" " ind2=" " tag="300"><subfield code="a">v. :</subfield><subfield code="b">ill. ;</subfield><subfield code="c">45-57 cm.</subfield></datafield><datafield ind1=" " ind2=" " tag="310"><subfield code="a">Weekly</subfield></datafield><datafield ind1="1" ind2=" " tag="362"><subfield code="a">Began in 1931; ceased in 1966.</subfield><subfield code="z">Cf. Miller, John W. Indiana newspaper bibliog.</subfield></datafield><datafield ind1=" " ind2=" " tag="500"><subfield code="a">Democratic.</subfield></datafield><datafield ind1=" " ind2=" " tag="588"><subfield code="a">Description based on: Vol. 36, no. 41 (July 8, 1932).</subfield></datafield><datafield ind1=" " ind2=" " tag="752"><subfield code="a">United States</subfield><subfield code="b">Indiana</subfield><subfield code="c">Delaware</subfield><subfield code="d">Gaston.</subfield></datafield><datafield ind1="0" ind2="0" tag="780"><subfield code="t">Eastern Indiana rural news</subfield></datafield></record>